@misc{glisc,
	author={{Grey Literature International Steering Committee}},
	title={{GLISC}},
	month={10},
	year={2014},
	note = "[Online; acedido em Outubro 2014]",
}